
@misc {Google,
    author = "Larry Page and Sergey Brin",
    title  = "Google",
    month  = "set",
    year   = "1998",
    urlaccessdate = {14 abr. 2021},
    howpublished ="\url{https://www.google.com/}"
}



